% This file was created with JabRef 2.10b2.
% Encoding: UTF-8

% Artigos e Trabalhos -------------------------------------------------------------------------

@mastersthesis{daSilvaChilro2023,
    Title                 ={Compreender a Gamifica{\c{c}}{\~a}o na Plataforma Twitch.tv: Aplica{\c{c}}{\~a}o da Teoria de Usos e Gratifica{\c{c}}{\~o}es},
    Author                ={da Silva Chilro, Mariana},
    Year                  ={2023},
    School                ={Universidade do Porto (Portugal)}
}

@article{daSilvaMachado&Dutra2022,
    Title                 ={Profiss{\~a}o “YouTuber”: Uma An{\'a}lise Sobre o Desenvolvimento das Pr{\'a}ticas de Streaming Como Fonte de Renda},
    Author                ={da Silva Machado, Mateus Luiz and Dutra, Júlio Afonso Alves},
    Journal               ={Revista Livre de Sustentabilidade e Empreendedorismo},
    Year                  ={2022}
}

@article{matsumoto2019,
    Title                 ={Fatores de sucesso para canais de live streaming de jogos online na percep{\c{c}}{\~a}o dos usu{\'a}rios brasileiros da Twitch.tv},
    Author                ={Matsumoto, Gabriel Hideki Paes},
    Year                  ={2019},
    Publisher             ={Universidade Federal do Rio de Janeiro}
}

@article{Katz&Blumler&Gurevitch1973,
    ISSN                  = {0033362X, 15375331},
    URL                   = {http://www.jstor.org/stable/2747854},
    Author                = {Elihu Katz and Jay G. Blumler and Michael Gurevitch},
    Journal               = {The Public Opinion Quarterly},
    Number                = {4},
    Pages                 = {509--523},
    Publisher             = {[Oxford University Press, American Association for Public Opinion Research]},
    Title                 = {Uses and Gratifications Research},
    Urldate               = {2025-06-10},
    Volume                = {37},
    Year                  = {1973}
}

@thesis{campos2013,
    Author                = {Campos, Marcos Vinicius Souza},
    Title                 = {Desenvolvimento de APIS baseadas em REST para integra{\c{c}}{\~a}o e constru{\c{c}}{\~o}es de aplica{\c{c}}{\~o}es},
    Year                  = {2013},
    Type                  = {Trabalho de Conclusão de Curso},
    School                = {Faculdade de Tecnologia de Americana},
    Note                  = {Curso de Tecnologia em Análise de Sistemas e Tecnologia da Informação}
}

@article{abreu2023,
    Title                 ={WhatsDine: solu{\c{c}}{\~a}o para o delivery integrada ao WhatsApp},
    Author                ={Abreu, Matheus Silva de},
    Year                  ={2023},
    Publisher             ={Universidade Estadual Paulista (Unesp)}
}

@article{dias2024,
    Title                 ={Cria{\c{c}}{\~a}o de APIS REST para gest{\~a}o de bots inteligentes no WhatsApp utilizando os modelos Whisper e Chat GPT para aplica{\c{c}}{\~a}o no Sistema Doumi},
    Author                ={Dias, Lucas Rodrigues},
    Year                  ={2024},
    Publisher             ={Instituto Federal Goiano}
}

@book{cheung&huang2011,
    Author                = {Gifford Cheung and Jeff Huang},
    Title                 = {Starcraft from the stands: understanding the game spectator},
    Year                  = {2011},
    ISBN                  = {9781450302289},
    Publisher             = {Association for Computing Machinery},
    URL                   = {https://doi.org/10.1145/1978942.1979053},
    DOI                   = {10.1145/1978942.1979053},
    Booktitle             = {Proceedings of the SIGCHI Conference on Human Factors in Computing Systems},
    Pages                 = {763–772},
}

@article{sjoblom&hamari2017,
    Title                = {Why do people watch others play video games? An empirical study on the motivations of Twitch users},
    Journal              = {Computers in Human Behavior},
    Volume               = {75},
    Pages                = {985-996},
    Year                 = {2017},
    ISSN                 = {0747-5632},
    DOI                  = {https://doi.org/10.1016/j.chb.2016.10.019},
    URL                  = {https://www.sciencedirect.com/science/article/pii/S0747563216307208},
    Author               = {Max Sjöblom and Juho Hamari},
}

@article{hilvert&neill&sjoblow&hamari2018,
    Title                = {Social motivations of live-streaming viewer engagement on Twitch},
    Journal              = {Computers in Human Behavior},
    Volume               = {84},
    Pages                = {58-67},
    Year                 = {2018},
    ISSN                 = {0747-5632},
    DOI                  = {https://doi.org/10.1016/j.chb.2018.02.013},
    URL                  = {https://www.sciencedirect.com/science/article/pii/S0747563218300712},
    Author               = {Zorah Hilvert-Bruce and James T. Neill and Max Sjöblom and Juho Hamari},
}

@misc{rizk2020,
    Title                = {A Snooze-less User-Aware Notification System for Proactive Conversational Agents}, 
    Author               = {Yara Rizk and Vatche Isahagian and Merve Unuvar and Yasaman Khazaeni},
    Year                 = {2020},
    Eprint               = {2003.02097},
    ArchivePrefix        = {arXiv},
    PrimaryClass         = {cs.HC},
    URL                  = {https://arxiv.org/abs/2003.02097}, 
}

@misc{rahmati2017,
    Title                = {IFTTT vs. Zapier: A Comparative Study of Trigger-Action Programming Frameworks}, 
    Author               = {Amir Rahmati and Earlence Fernandes and Jaeyeon Jung and Atul Prakash},
    Year                 = {2017},
    Eprint               = {1709.02788},
    ArchivePrefix        = {arXiv},
    PrimaryClass         = {cs.CR},
    URL                  = {https://arxiv.org/abs/1709.02788}, 
}

@book{allamaraju2010,
    title                = {Restful web services cookbook: solutions for improving scalability and simplicity},
    author               = {Allamaraju, Subbu},
    year                 = {2010},
publisher                = {" O'Reilly Media, Inc."}
}

% Sites ---------------------------------------------------------------------------------------

@misc{telegramAPI,
    Author                = {Telegram},
    Title                 = {{Telegram {A}{P}{I}s}},
    Year                  = {2025},
    Url                   = {https://core.telegram.org/api},
    Urlaccessdate         = {24 de maio de 2025},
}

@misc{twitchAPI,
    Author                = {TWitch},
    Title                 = {{TWitch {A}{P}{I}}},
    Year                  = {2025},
    Url                   = {https://dev.twitch.tv/docs/api/},
    Urlaccessdate         = {24 de maio de 2025},
}

@misc{youtubeAPI,
    Author                = {Google},
    Title                 = {{YouTube Data {A}{P}{I} | Google for Developers}},
    Year                  = {2025},
    Url                   = {https://developers.google.com/youtube/v3},
    Urlaccessdate         = {24 de maio de 2025},
}

@misc{whatsappwebjs,
    Author                = {Pedro S. Lopez},
    Title                 = {{WWebJS Guide}},
    Year                  = {2019},
    Url                   = {https://wwebjs.dev/},
    Urlaccessdate         = {24 de maio de 2025},
}

@misc{twilioAPI,
    Author                = {Twilio},
    Title                 = {{The WhatsApp Business Platform with Twilio}},
    Year                  = {2025},
    Url                   = {https://www.twilio.com/docs/whatsapp},
    Urlaccessdate         = {09 de junho de 2025},
}

@misc{typescript,
    Author                = {Microsoft},
    Title                 = {{JavaScript With Syntax For Types}},
    Year                  = {2025},
    Url                   = {https://www.typescriptlang.org/},
    Urlaccessdate         = {24 de maio de 2025},
}

@misc{nodejs,
    Author                = {OpenJS},
    Title                 = {{Node.js - Executar a JavaScript em Toda Parte}},
    Year                  = {2025},
    Url                   = {https://nodejs.org/pt},
    Urlaccessdate         = {24 de maio de 2025},
}

@misc{bullmq,
    Author                = {BullMQ},
    Title                 = {{Background Jobs processing and message queue for NodeJS}},
    Year                  = {2024},
    Url                   = {https://bullmq.io/},
    Urlaccessdate         = {24 de maio de 2025},
}

@misc{redis,
    Author                = {Redis},
    Title                 = {{The Real-time Data Platform}},
    Year                  = {2025},
    Url                   = {https://redis.io/},
    Urlaccessdate         = {24 de maio de 2025},
}

@misc{postgresql,
    Author                = {PostgreSQL},
    Title                 = {{PostgreSQL}},
    Year                  = {2025},
    Url                   = {https://www.postgresql.org/},
    Urlaccessdate         = {24 de maio de 2025},
}

@misc{prismaio,
    Author                = {Prisma},
    Title                 = {{Prisma}},
    Year                  = {2025},
    Url                   = {https://www.prisma.io/},
    Urlaccessdate         = {24 de maio de 2025},
}

@misc{typeorm,
    Author                = {TypeORM},
    Title                 = {{TypeORM}},
    Year                  = {2025},
    Url                   = {https://typeorm.io/},
    Urlaccessdate         = {09 de junho de 2025},
}

@misc{nestjs,
    Author                = {Kamil Mysliwiec},
    Title                 = {{NestJS}},
    Year                  = {2025},
    Url                   = {https://nestjs.com/},
    Urlaccessdate         = {09 de junho de 2025},
}

@misc{docker,
    Author                = {Docker, Inc.},
    Title                 = {{Docker}},
    Year                  = {2025},
    Url                   = {https://www.docker.com/},
    Urlaccessdate         = {09 de junho de 2025},
}

@misc{wsl2,
    Author                = {Microsoft Corporation},
    Title                 = {{Documentação do Subsistema do Windows para Linux}},
    Year                  = {2025},
    Url                   = {https://learn.microsoft.com/pt-br/windows/wsl/},
    Urlaccessdate         = {09 de junho de 2025},
}

@misc{vscode,
    Author                = {Microsoft Corporation},
    Title                 = {{Your code editor. Redefined with AI.}},
    Year                  = {2025},
    Url                   = {https://code.visualstudio.com/},
    Urlaccessdate         = {09 de junho de 2025},
}


% Exemplos ------------------------------------------------------------------------------------

@Manual{abnTeX22014b,
  Title                    = {A classe abntex2},
  Author                   = {abnTeX2 and Lauro C\'{e}sar Araujo},
  Organization             = {Equipe abnTeX2},
  Year                     = {2014},

  Bdsk-url-1               = {http://code.google.com/p/abntex2/wiki/Download},
  Pages                    = {46},
  Subtitle                 = {Documentos t\'{e}cnicos e cient\'{i}ficos brasileiros compat\'{i}veis com as normas ABNT},
  Timestamp                = {2014.09.27},
  Url                      = {http://abntex2.googlecode.com/},
  Urlaccessdate            = {12 de setembro de 2014}
}

@Manual{abnTeX22014d,
  Title                    = {O pacote abntex2cite},
  Author                   = {abnTeX2 and Lauro C\{\textquoteright}{e}sar Araujo},
  Organization             = {Equipe abnTeX2},
  Year                     = {2014},

  Bdsk-url-1               = {http://code.google.com/p/abntex2/wiki/Download},
  Pages                    = {91},
  Subtitle                 = {Estilos bibliogr\'{a}ficos compat\'{i}veis com a ABNT NBR 6023},
  Timestamp                = {2014.09.27},
  Url                      = {http://abntex2.googlecode.com/},
  Urlaccessdate            = {12 de setembro de 2014}
}

@Manual{abnTeX22014c,
  Title                    = {O pacote abntex2cite},
  Author                   = { Lauro C\'{e}sar Araujo and abnTeX2 },
  Organization             = {Equipe abnTeX2},
  Year                     = {2014},

  Bdsk-url-1               = {http://code.google.com/p/abntex2/wiki/Download},
  Pages                    = {23},
  Subtitle                 = {T\'{o}picos espec\'{i}ficos da ABNT NBR 10520:2002 e o estilo bibliogr\'{a}fico alfab\'{e}tico (sistema autor-data)},
  Timestamp                = {2014.09.27},
  Url                      = {http://abntex2.googlecode.com/},
  Urlaccessdate            = {12 de setembro de 2014}
}

@Book{Barbosa2004,
  Title                    = {Testando a utiliza{\c c}\~ao de ``et al.''},
  Author                   = {Carlos Barbosa and {Maria da} Silva Cardoso and {Tenitos da} Silva and Carminda Soares},
  Publisher                = {Editora},
  Year                     = {2004},

  Address                  = {Cidade},
  Edition                  = {2},

  Page                     = {5},
  Timestamp                = {2014.09.24}
}

@Misc{BibTeX2014,
  Title                    = {BibTeX.org},

  Author                   = {BibTeX},
  Year                     = {2014},

  Timestamp                = {2014.09.27},
  Url                      = {http://www.bibtex.org},
  Urlaccessdate            = {31 de julho de 2014}
}

@Book{Buerger1989,
  Title                    = {LaTeX for scientists and engineers},
  Author                   = {Buerger, David John},
  Publisher                = {McGraw-Hill},
  Year                     = {1989},

  Address                  = {Singapura},

  Timestamp                = {2014.09.27}
}

@Article{Carvalho2001,
  Title                    = {Intelig{\^e}ncia competitiva numa vis\~ao de futuro},
  Author                   = {Cl\{\textquoteright}{a}udia Carvalho and Jos\'{e} Fajardo and Joaquim Cruz},
  Journal                  = {DataGramaZero - Revista da Ci{\^e}ncia da Informa{\c c}\~ao},
  Year                     = {2001},
  Number                   = {3},
  Pages                    = {12--16},
  Volume                   = {2},

  Mounth                   = {junho},
  Subtitle                 = {proposta metodol\'{o}gica},
  Timestamp                = {2014.09.27}
}

@Book{Goossens2007,
  Title                    = {The LaTeX graphics companion},
  Author                   = {Goossens, Michel and Mittelbach, Frank and Rahtz, Sebastian and Roegel, Denis and Voss, Herbert},
  Publisher                = {Addison-Wesley},
  Year                     = {2007},

  Address                  = {Boston},
  Edition                  = {2},

  Timestamp                = {2014.09.27}
}

@Misc{IRL2014,
  Title                    = {Internet Research Laboratory},

  Author                   = {IRL},
  Year                     = {2014},

  Key                      = {IRL},
  Timestamp                = {2014.09.24},
  Url                      = {http://irl.cs.ucla.edu/topology},
  Urlaccessdate            = {8 de mar{\c c}o de 2014}
}

@Book{Kopka2003,
  Title                    = {Guide to LaTeX},
  Author                   = {Kopka, Helmut and Daly, Patrick W.},
  Publisher                = {Addison-Wesley},
  Year                     = {2003},

  Address                  = {Boston},
  Edition                  = {4},

  Timestamp                = {2014.09.27}
}

@Book{Lamport1986,
  Title                    = {LaTeX: a document preparation system},
  Author                   = {Lamport, Leslie},
  Publisher                = {Addison-Wesley},
  Year                     = {1986},

  Address                  = {Boston},

  Timestamp                = {2014.09.27}
}

@Misc{LaTeX2014,
  Title                    = {The LaTeX project},

  Author                   = {LaTeX},
  Year                     = {2014},

  Timestamp                = {2014.09.27},
  Url                      = {http://www.latex-project.org},
  Urlaccessdate            = {31 de julho de 2014}
}

@Book{Maturana2003,
  Title                    = {A \'{A}rvore do Conhecimento},
  Author                   = {Humberto R. Maturana and Francisco J. Varela},
  Publisher                = {Editora Palas Athena},
  Year                     = {2003},

  Address                  = {S\~ao Paulo},
  Edition                  = {3},

  Page                     = {283},
  Subtitle                 = {as bases biol\'{o}gicas da compreens\~{a}o humana},
  Timestamp                = {2014.09.27}
}

@Book{Mittelbach2004,
  Title                    = {The LaTeX companion},
  Author                   = {Mittelbach, Frank and Goossens, Michel and Braams, Johannes and Carlisle, David and Rowley, Chris},
  Publisher                = {Addison-Wesley},
  Year                     = {2004},

  Address                  = {Boston},
  Edition                  = {2},

  Timestamp                = {2014.09.27}
}

@PhdThesis{Neubert2001,
  Title                    = {Algoritmos Distribu\'{i}dos para a Constru{\c c}\~ao de Arquivos Invertidos},
  Author                   = {Marden Silveira Neubert},
  School                   = {Departamento de Computa{\c c}\~ao, Universidade Federal de Minas Gerais},
  Year                     = {2001},

  Address                  = {Belo Horizonte},
  Type                     = {Doutorado em Ci{\^e}ncia da Computa{\c c}\~ao},

  Pagename                 = {f.},
  Pages                    = {145},
  Timestamp                = {2014.09.26},
  Year-presented           = {Mar{\c c}o 2001}
}

@MastersThesis{Santos2003,
  Title                    = {Aspectos Conceituais e Arquiteturais para a Cria{\c c}\~ao de Linhagens de Agentes de Software Cognitivos e Situados},
  Author                   = {Bruno Andr\'{e} Santos},
  School                   = {Centro Federal de Educa{\c c}\~ao Tecnol\'{o}gica de Minas Gerais},
  Year                     = {2003},

  Address                  = {Belo Horizonte},
  Type                     = {Mestrado em Tecnologia -- Nome da \'{a}rea de concentra{\c c}\~ao},

  Key                      = {intelig{\^e}ncia artificial, agentes inteligentes, cogni{\c c}\~ao situada},
  Pagename                 = {f.},
  Pages                    = {130},
  Timestamp                = {2014.09.26},
  Year-presented           = {Junho 2003}
}

@Book{Silva2000,
  Title                    = {A Intelig{\^e}ncia da Complexidade},
  Author                   = {Silva, Joaquim and Souza, Jo\~ao {Luiz de}},
  Publisher                = {Editora Petr\'{o}polis},
  Year                     = {2000},

  Address                  = {S\~ao Paulo},

  Timestamp                = {2014.09.24}
}

@MastersThesis{Souza2012,
  Title                    = {Recupera{\c c}\~ao de V\'{i}deos Baseada em Conte\'{u}do em um Sistema de Informa{\c c}\~ao para Apoio \`{a} An\'{a}lise do Discurso Televisivo},
  Author                   = {Celso {Luiz de} Souza},
  School                   = {Centro Federal de Educa{\c c}\~ao Tecnol\'{o}gica de Minas Gerais},
  Year                     = {2012},

  Address                  = {Belo Horizonte},
  Type                     = {Mestrado em Modelagem Matem\'{a}tica e Computacional -- Sistemas Inteligentes},

  Pagename                 = {f.},
  Pages                    = {130},
  Timestamp                = {2014.09.26},
  Year-presented           = {Outubro 2011}
}

@Article{vanGELDER1998,
  Title                    = {Disentangling Dynamics, Computation and Cognition},
  Author                   = {Tim {van GELDER}},
  Journal                  = {Behavioral and Brain Sciences},
  Year                     = {1998},
  Pages                    = {40--47},
  Volume                   = {21},

  Key                      = {cognitive science, digital computer, dynamical hypothesis, dynamical system},
  Timestamp                = {2014.09.26}
}

@Manual{NBR14724:2011,
  Title                    = {{ABNT NBR} 14724},

  Address                  = {Rio de Janeiro},
  Month                    = mar,
  Organization             = {Associa{\c c}\~ao Brasileira de Normas T\'ecnicas},
  Year                     = {2011},

  Org-short                = {ABNT},
  Pages                    = {11},
  Subtitle                 = {Informa{\c c}\~ao e documenta{\c c}\~ao --- Trabalhos acad\^emicos --- Apresenta{\c c}\~ao},
  Timestamp                = {2014.09.27}
}

@Manual{NBR15287:2005,
  Title                    = {{ABNT NBR} 15287},

  Address                  = {Rio de Janeiro},
  Month                    = {dez.},
  Organization             = {Associa{\c c}\~ao Brasileira de Normas T\'ecnicas},
  Year                     = {2005},

  Org-short                = {ABNT},
  Pages                    = {6},
  Subtitle                 = {Informa{\c c}\~ao e documenta{\c c}\~ao --- Projeto de pesquisa --- Apresenta{\c c}\~ao},
  Timestamp                = {2014.09.27}
}

@Manual{NBR10520:2002,
  Title                    = {{NBR} 10520},

  Address                  = {Rio de Janeiro},
  Month                    = {ago.},
  Organization             = {Associa{\c c}\~ao Brasileira de Normas T\'ecnicas},
  Year                     = {2002},

  Org-short                = {ABNT},
  Pages                    = {7},
  Subtitle                 = {Informa{\c c}\~ao e documenta{\c c}\~ao --- Cita{\c c}\~oes em documentos --- Apresenta{\c c}\~ao},
  Timestamp                = {2014.09.27}
}

@Manual{NBR6023:2002,
  Title                    = {{NBR} 6023},

  Address                  = {Rio de Janeiro},
  Month                    = {ago.},
  Organization             = {Associa{\c c}\~ao Brasileira de Normas T\'ecnicas},
  Year                     = {2002},

  Org-short                = {ABNT},
  Pages                    = {24},
  Subtitle                 = {Informa{\c c}\~ao e documenta{\c c}\~ao --- Refer\^encias --- Elabora{\c c}\~ao},
  Timestamp                = {2014.09.27}
}
